@misc{
    2020DeveloperSurvey,
    title={Stack Overflow Developer Survey 2020},
    url={https://insights.stackoverflow.com/survey/2020}, journal={2020 Developer Survey}, 
    publisher={Stack Overflow},
    author={{Stack Overflow}},
    year={2021},
    note = {{(last visited: 2021-07-09)}}
}

@misc{
    createReactApp,
    title={Adding TypeScript},
    url={https://create-react-app.dev/docs/adding-typescript/}, 
    publisher={Facebook},
    author={{Facebook}},
    year={2021},
    note = {{(last visited: 2021-07-09)}}
}


